@misc{website:xkcd_functional,
    howpublished="\url{https://xkcd.com/1270}",
    author="Randall Munroe"
}
